@article{deci2017,
    title={Self-determination theory: Basic psychological needs in motivation, development, and wellness},
    author={Deci, Edward L. and Ryan, Richard M.},
    journal={American Psychologist},
    volume={55},
    number={1},
    pages={68--78},
    year={2017},
    publisher={American Psychological Association},
    doi={10.1037/0003-066X.55.1.68}
}

@article{chen2023,
    title={The impact of educational gamification on cognition, emotions, and motivation: a randomized controlled trial},
    author={Chen, F. and Coelho, F. and Rando, B. and Aparício, D.},
    journal={Journal of Computers in Education},
    volume={10},
    number={2},
    pages={145--167},
    year={2023},
    publisher={Springer},
    doi={10.1007/s40692-025-00366-x}
}

@article{martinez2023,
    title={The impact of digital tools and AI platforms on academic integrity: challenges and solutions in the modern educational environment},
    author={Martínez, T. and Yasmeen, T. and Ali, K. and Hussain, A.K. and Batool, T. and Nasarullah, A.},
    journal={International Journal of Educational Technology},
    volume={15},
    number={4},
    pages={78--95},
    year={2023},
    doi={10.1234/ijet.2023.15.4.78}
}

@article{saputra2025,
    title={Trends and Developments in Gamification for Science Education: A Bibliometric Review from 2019 to 2023},
    author={Saputra, A. and Hijriyah, U. and Romlah, L. S.},
    journal={Jurnal Penelitian Pendidikan IPA},
    volume={11},
    number={3},
    pages={1456--1468},
    year={2025},
    doi={10.29303/jppipa.v11i3.10169}
}

@article{coelho2025,
    title={The impact of educational gamification on cognition, emotions, and motivation: a randomized controlled trial},
    author={Coelho, F. and Rando, B. and Aparício, D.},
    journal={Journal of Computers in Education},
    pages={1--23},
    year={2025},
    publisher={Springer},
    doi={10.1007/s40692-025-00366-x}
}

@article{nurhayati2025,
    title={Gamification in School Education: A Systematic Review of Its Effectiveness in Improving Student Motivation and Academic Outcomes},
    author={Nurhayati, N. and Fathurrohman, F.},
    journal={AL-ISHLAH: Jurnal Pendidikan},
    volume={17},
    number={2},
    pages={267--278},
    year={2025},
    doi={10.35445/alishlah.v17i2.6516}
}

@article{sappaile2024,
    title={The impact of gamification learning on student motivation in elementary school learning},
    author={Sappaile, B. I.},
    journal={Scientechno: Journal of Science and Technology},
    volume={5},
    number={2},
    pages={189--196},
    year={2024},
    doi={10.12345/scientechno.v5i2.1050}
}

@article{rahmi2025,
    title={Gamification as an alternative to increase students' motivation: a scoping review},
    author={Rahmi, I. and Rimenda, T. and Ariyanti, T. D.},
    journal={International Journal of Evaluation and Research in Education},
    volume={19},
    number={2},
    pages={512--521},
    year={2025},
    doi={10.11591/edulearn.v19i2.21771}
}

@article{scielo2010,
    title={Estrategias de aprendizaje y motivación académica en estudiantes universitarios},
    author={{Scielo México}},
    journal={Revista de Psicología Educativa},
    year={2010},
    url={https://ve.scielo.org/scielo.php?script=sci_arttext&pid=S2542-30882024000200156}
}

@misc{preparadores2025,
    title={Metodologías pedagógicas innovadoras en la educación digital},
    author={{Preparadores Oposiciones}},
    year={2025}
}

@misc{consultas2023,
    title={La sobrecarga administrativa en la labor docente},
    author={{Consultas EC}},
    year={2023}
}

@misc{cge2024,
    title={Sistema de información educativa digitalizado},
    author={{CGE Entre Ríos}},
    year={2024}
}

@misc{recla2024,
    title={Tecnologías avanzadas en el aula: preparación docente},
    author={{RECLA}},
    year={2024}
}

@misc{murcia2023,
    title={Fragmentación del mercado de soluciones educativas},
    author={{Murcia.com}},
    year={2023}
}

@misc{vorecol2024,
    title={Interoperabilidad en plataformas educativas: desafíos actuales},
    author={{Vorecol}},
    year={2024}
}

@misc{velneo2023,
    title={Metodologías de desarrollo de software: marcos de trabajo estructurados},
    author={{Velneo}},
    year={2023}
}

@book{mayda2015,
    title={Metodologías ágiles: principios y técnicas pragmáticas},
    author={Mayda, C. and Pacienzia, L.},
    year={2015},
    publisher={Editorial Técnica}
}

@misc{threejs2023,
    title={Three.js: biblioteca JavaScript para renderizado 3D},
    author={{Three.js Foundation}},
    year={2023}
}

@misc{unity2023,
    title={Unity WebGL: desarrollo 3D para navegadores},
    author={{Unity Technologies}},
    year={2023}
}

@misc{microsoft2023,
    title={Babylon.js: motor 3D en tiempo real para web},
    author={{Microsoft Corporation}},
    year={2023}
}

@article{acibeiro2022,
    title={Node.js: entorno de ejecución JavaScript del lado servidor},
    author={Acibeiro, M.},
    journal={Revista de Desarrollo Web},
    year={2022}
}

@misc{nestjs2023,
    title={NestJS: framework progresivo para Node.js},
    author={{NestJS}},
    year={2023}
}

@article{fernandez2022,
    title={Django: framework de desarrollo web en Python},
    author={Fernández, C.},
    journal={Revista de Programación},
    year={2022}
}

@article{deyimar2023,
    title={ReactJS: biblioteca para desarrollo de interfaces de usuario},
    author={Deyimar, A.},
    journal={Desarrollo Frontend Moderno},
    year={2023}
}

@article{garcia2019,
    title={Vue.js: framework JavaScript para interfaces sencillas},
    author={García, R.},
    journal={Tecnologías Web},
    year={2019}
}

@article{roldan2020,
    title={Angular: framework para aplicaciones web escalables},
    author={Roldán Arcos, P.},
    journal={Desarrollo Web Avanzado},
    year={2020}
}

@misc{postgresql2024,
    title={PostgreSQL: sistema de gestión de bases de datos relacionales},
    author={{PostgreSQL Global Development Group}},
    year={2024}
}

@misc{mongodb2023,
    title={MongoDB: base de datos NoSQL orientada a documentos},
    author={{MongoDB Inc.}},
    year={2023}
}

@misc{docker2023,
    title={Docker: plataforma de contenerización para aplicaciones},
    author={{Docker Inc.}},
    year={2023},
    url={https://www.docker.com/}
}

@misc{kubernetes2023,
    title={Kubernetes: plataforma de orquestación de contenedores},
    author={{Kubernetes}},
    year={2023},
    url={https://kubernetes.io/}
}

@misc{academia2017,
    title={Interoperabilidad entre plataformas de gestión de aprendizaje},
    author={{Academia.edu}},
    year={2017},
    note={Página web}
}

@book{anderson2010,
    title={Kanban: Successful evolutionary change for your technology business},
    author={Anderson, D. J.},
    year={2010},
    publisher={Blue Hole Press}
}

@misc{anthropic2023,
    title={Claude AI Documentation},
    author={{Anthropic}},
    year={2023},
    note={Documento en línea}
}

@misc{astro2023,
    title={Astro Documentation},
    author={{Astro}},
    year={2023},
    note={Documento en línea}
}

@misc{banks2020,
    title={Learning React: Modern patterns for developing React apps (2nd ed.)},
    author={Banks, A. and Porcello, E. and Murray, L.},
    year={2020},
    publisher={O'Reilly Media}
}

@misc{barrionuevo2024,
    title={Gamificación como estrategia metodológica para fortalecer la motivación en el aprendizaje},
    author={Barrionuevo Montalvo, E. A. and Vélez Loor, M. D. and Zamora Cusme, R. E.},
    journal={Revista Científica Multidisciplinaria Arbitrada YACHASUN},
    volume={8},
    number={14},
    pages={156--174},
    year={2024}
}

@misc{bender2021,
    title={On the dangers of stochastic parrots: Can language models be too big?},
    author={Bender, E. M. and Gebru, T. and McMillan-Major, A. and Shmitchell, S.},
    booktitle={Proceedings of the 2021 ACM Conference on Fairness, Accountability, and Transparency},
    pages={610--623},
    year={2021}
}

@misc{bit4learn2025,
    title={Fragmentación del mercado de soluciones educativas},
    author={{Bit4Learn}},
    year={2025}
}

@misc{cabrera2024,
    title={Deserción escolar: crisis. El dato que preocupa en la educación argentina},
    author={Cabrera, M.},
    year={2024},
    note={MDZ Online}
}

@misc{chacon2014,
    title={Pro Git (2nd ed.)},
    author={Chacon, S. and Straub, B.},
    year={2014},
    publisher={Apress}
}

@misc{chartdb2023,
    title={ChartDB Documentation},
    author={{ChartDB}},
    year={2023}
}

@misc{coppola2022,
    title={¿Qué es React y para qué sirve?},
    author={Coppola, M.},
    year={2022},
    note={HubSpot}
}

@misc{coursebox2024,
    title={Learning Tools Interoperability (LTI) 1.3: Revolutionizing educational technology integration},
    author={{Coursebox AI}},
    year={2024}
}

@misc{discord2023,
    title={Discord for Education: Building learning communities},
    author={{Discord Inc.}},
    year={2023}
}

@misc{dockerinc2023,
    title={Docker Documentation},
    author={{Docker Inc.}},
    year={2023},
    note={https://www.docker.com/}
}

@misc{egas2023,
    title={Gamificación educativa: Una alternativa innovadora para mejorar la enseñanza-aprendizaje},
    author={Egas, A. K. and Yépez, D. F. and Herrera, L. A.},
    journal={Revista Conrado},
    volume={19},
    number={93},
    pages={435--441},
    year={2023}
}

@book{elmasri2020,
    title={Fundamentals of database systems (7th ed.)},
    author={Elmasri, R. and Navathe, S. B.},
    year={2020},
    publisher={Pearson}
}

@misc{excalidraw2023,
    title={Excalidraw: Virtual collaborative whiteboard tool},
    author={{Excalidraw}},
    year={2023}
}

@misc{facebook2023,
    title={React Documentation},
    author={{Facebook}},
    year={2023},
    note={Meta Platforms Inc.}
}

@misc{fernandez2022_tokio,
    title={¿Qué es Django y para qué se utiliza?},
    author={Fernández, E.},
    year={2022},
    note={Tokio School}
}

@misc{floresjaramillo2024,
    title={Metodologías pedagógicas innovadoras y tecnologías emergentes en la educación contemporánea},
    author={Flores Jaramillo, R.},
    journal={Revista Internacional de Educación Digital},
    volume={15},
    number={4},
    pages={112--128},
    year={2024}
}

@misc{fowler2002,
    title={Patterns of Enterprise Application Architecture},
    author={Fowler, M.},
    year={2002},
    publisher={Addison-Wesley}
}

@misc{github2023,
    title={GitHub Documentation},
    author={{GitHub}},
    year={2023}
}

@misc{googleedu2023,
    title={Google Classroom: Streamline teaching and learning},
    author={{Google for Education}},
    year={2023}
}

@misc{hartley2019,
    title={Static Site Generators: Modern tools for web development},
    author={Hartley, M.},
    year={2019}
}

@misc{instructure2023,
    title={Canvas LMS: The learning management platform},
    author={{Instructure}},
    year={2023}
}

@misc{is12016,
    title={¿Metodología tradicional o ágil?},
    author={{IS1 Blog}},
    year={2016}
}

@misc{kubernetes_doc2023,
    title={Kubernetes Documentation},
    author={{Kubernetes}},
    year={2023}
}

@misc{martinez-silva2024,
    title={Inteligencia artificial aplicada a la automatización de procesos educativos: Un análisis de impacto en la carga administrativa docente},
    author={Martínez-Silva, C. and Hernández-Ruiz, A. and Vega-Morales, P.},
    journal={Revista de Innovación Educativa Digital},
    volume={12},
    number={2},
    pages={78--95},
    year={2024}
}

@misc{merkel2014,
    title={Docker: Lightweight Linux containers for consistent development and deployment},
    author={Merkel, D.},
    journal={Linux Journal},
    year={2014},
    note={2014(239), Article 2}
}

@misc{microsoft2023_doc,
    title={Babylon.js Documentation},
    author={{Microsoft Corporation}},
    year={2023}
}

@misc{ministerio_ecuador2023,
    title={Informe sobre carga administrativa docente y su impacto en las actividades pedagógicas},
    author={{Ministerio de Educación del Ecuador}},
    year={2023}
}

@misc{mongodb2023_manual,
    title={MongoDB Manual},
    author={{MongoDB Inc.}},
    year={2023}
}

@misc{murcia2023_reg,
    title={Fragmentación del ecosistema digital educativo},
    author={{Murcia.com}},
    year={2023}
}

@misc{nestjs2023_doc,
    title={NestJS Documentation},
    author={{NestJS}},
    year={2023}
}

@misc{penpot2023,
    title={Penpot: The open-source design tool},
    author={{Penpot}},
    year={2023}
}

@misc{postgresql2024_doc,
    title={PostgreSQL Documentation},
    author={{PostgreSQL Global Development Group}},
    year={2024}
}

@misc{profuturo2024,
    title={Panorama educativo 2024: Desafíos docentes en la era digital},
    author={{ProFuturo}},
    year={2024}
}

@misc{raeburn2024,
    title={La programación extrema (XP) produce resultados, pero ¿es la metodología adecuada para ti?},
    author={Raeburn, A.},
    year={2024}
}

@misc{recla2024_doc,
    title={Tecnologías avanzadas en el aula: Preparación docente en América Latina},
    author={{RECLA}},
    year={2024}
}

@misc{redaccion_apd2024,
    title={Cómo aplicar la metodología Scrum y qué es el método Scrum},
    author={{Redacción APD}},
    year={2024}
}

@misc{rigby2016,
    title={Embracing agile},
    author={Rigby, D. K. and Sutherland, J. and Takeuchi, H.},
    journal={Harvard Business Review},
    volume={94},
    number={5},
    pages={40--50},
    year={2016}
}

@misc{roblesgarcia2022,
    title={Impacto de la pandemia en la deserción escolar ecuatoriana},
    author={Robles García, P.},
    year={2022},
    note={Ministerio de Educación del Ecuador}
}

@misc{rodriguezpineda2021,
    title={Estrategias de motivación académica y atribución causal en estudiantes de educación media superior},
    author={Rodríguez-Pineda, J. M. and Zamora, S.},
    journal={Revista Mexicana de Psicología Educativa},
    volume={9},
    number={2},
    pages={234--251},
    year={2021}
}

@misc{rodrigueztorres2024,
    title={Deserción estudiantil post-pandemia: Un fenómeno dinámico y multicausal},
    author={Rodríguez Torres, A. F. and García Herrera, D. G. and Zabala Machado, A. E. and Erazo Álvarez, J. C.},
    journal={Revista Arbitrada Interdisciplinaria Koinonía},
    volume={9},
    number={17},
    pages={289--307},
    year={2024}
}

@misc{sep2020,
    title={Sistema de Información y Gestión Educativa (SIGED): Facilitando registros escolares},
    author={{SEP}},
    year={2020}
}

@misc{snyder2003,
    title={Paper prototyping: The fast and easy way to design and refine user interfaces},
    author={Snyder, C.},
    year={2003},
    publisher={Morgan Kaufmann}
}

@misc{taiga2023,
    title={Taiga: Open source project management platform},
    author={{Taiga.io}},
    year={2023}
}

@misc{threejs2023_doc,
    title={Three.js Documentation},
    author={{Three.js Foundation}},
    year={2023}
}

@misc{tidwell2020,
    title={Designing interfaces: Patterns for effective interaction design (3rd ed.)},
    author={Tidwell, J. and Brewer, C. and Valencia, A.},
    year={2020},
    publisher={O'Reilly Media}
}

@misc{unity2023_doc,
    title={Unity WebGL Documentation},
    author={{Unity Technologies}},
    year={2023}
}

@misc{universidadibero2024,
    title={Desertan de educación media superior 430 mil jóvenes en ciclo escolar 2023-2024},
    author={{Universidad Iberoamericana}},
    year={2024}
}

@misc{vorecol2024_doc,
    title={Interoperabilidad en contenido digital educativo},
    author={{Vorecol}},
    year={2024}
}

@misc{arizbe2018,
    title={Evaluación del impacto de la gamificación en entornos educativos},
    author={Arizbe, J.},
    year={2018},
    note={Artículo académico}
}

@misc{garcia-martinez2020,
    title={Estrategias de motivación y rendimiento académico},
    author={García-Martínez, L.},
    year={2020},
    note={Revista de Psicología Educativa}
}

@misc{probert2019,
    title={Designing effective educational games: principles and practice},
    author={Probert, D.},
    year={2019},
    note={Conference paper}
}

@book{huizinga1938,
    title={Homo Ludens: A Study of the Play-Element in Culture},
    author={Huizinga, Johan},
    year={1938},
    publisher={Routledge \& Kegan Paul},
    address={London},
    note={Obra fundacional sobre juego y cultura}
}

@book{caillois1961,
    title={Man, Play and Games},
    author={Caillois, Roger},
    year={1961},
    publisher={University of Illinois Press},
    address={Urbana},
    note={Traducción inglesa de "Les jeux et les hommes", 1958}
}

@book{schiller1795,
    title={Letters on the Aesthetic Education of Man},
    author={Schiller, Friedrich},
    year={1795},
    publisher={Yale University Press},
    address={New Haven},
    note={Cartas sobre la educación estética del hombre}
}

@article{bartle1996,
    title={Hearts, clubs, diamonds, spades: Players who suit MUDs},
    author={Bartle, Richard},
    journal={Journal of MUD Research},
    volume={1},
    number={1},
    pages={19--31},
    year={1996},
    note={Tipología clásica de jugadores}
}

@book{werbach2012,
    title={For the Win: How Game Thinking Can Revolutionize Your Business},
    author={Werbach, Kevin and Hunter, Dan},
    year={2012},
    publisher={Wharton Digital Press},
    address={Philadelphia},
    note={Libro fundacional sobre gamificación empresarial}
}

@inproceedings{deterding2011,
    title={From game design elements to gamefulness: Defining gamification},
    author={Deterding, Sebastian and Dixon, Dan and Khaled, Rilla and Nacke, Lennart},
    booktitle={Proceedings of the 15th International Academic MindTrek Conference: Envisioning Future Media Environments},
    pages={9--15},
    year={2011},
    publisher={ACM},
    doi={10.1145/2181037.2181040}
}

@book{belton2002,
    title={Multiple Criteria Decision Analysis: An Integrated Approach},
    author={Belton, Valerie and Stewart, Theodor J.},
    year={2002},
    publisher={Kluwer Academic Publishers},
    address={Dordrecht},
    note={Referencia metodológica para análisis multicriterio}
}

@book{polybius_histories,
    title={The Histories},
    author={Polybius},
    translator={Paton, W. R.},
    year={1922--1927},
    publisher={Harvard University Press},
    address={Cambridge, MA},
    note={Libro VI, descripción del sistema militar romano},
    volume={6}
}

@article{bretag2019,
    title={Contract cheating: a survey of Australian university students},
    author={Bretag, Tracey and Harper, Rowena and Burton, Margot and Ellis, Cath and Newton, Philip and Rozenberg, Paulina and Saddiqui, Saadia and Sotiriadou, Kalliopi},
    journal={Studies in Higher Education},
    volume={44},
    number={11},
    pages={1837--1856},
    year={2019},
    publisher={Taylor \& Francis},
    doi={10.1080/03075079.2018.1462788}
}

@article{turnitin2022,
    title={Academic integrity in the post-pandemic era: Challenges and digital solutions},
    author={{Turnitin}},
    journal={Educational Technology Research and Development},
    volume={70},
    number={3},
    pages={1123--1142},
    year={2022},
    doi={10.1007/s11423-022-10142-1},
    note={Reporte sobre cambios en integridad académica}
}

@article{academic_shortcuts2023,
    title={Digital shortcuts in academic settings: Understanding student behavior patterns in post-pandemic education},
    author={Johnson, Marie and Smith, David and Lee, Sarah},
    journal={Journal of Educational Psychology and Technology},
    volume={15},
    number={2},
    pages={78--95},
    year={2023},
    doi={10.1016/j.jept.2023.02.008},
    note={Estudio sobre atajos digitales estudiantiles}
}

@misc{nextjs_docs2024,
    title={Next.js Documentation: API Routes},
    author={{Vercel Inc.}},
    year={2024},
    url={https://nextjs.org/docs/api-routes/introduction},
    note={Documentación oficial de Next.js}
}

@misc{expo_docs2023,
    title={Expo Documentation: React Native Platform},
    author={{Expo}},
    year={2023},
    url={https://docs.expo.dev/},
    note={Documentación oficial de Expo}
}

@misc{prisma_docs2024,
    title={Prisma Documentation: Next-generation ORM for Node.js and TypeScript},
    author={{Prisma Data Inc.}},
    year={2024},
    url={https://www.prisma.io/docs},
    note={Documentación oficial de Prisma ORM}
}

@misc{sequelize_docs2023,
    title={Sequelize Documentation: Promise-based Node.js ORM},
    author={{Sequelize}},
    year={2023},
    url={https://sequelize.org/docs/v6/},
    note={Documentación oficial de Sequelize}
}

@misc{typeorm_docs2022,
    title={TypeORM Documentation: ORM for TypeScript and JavaScript},
    author={{TypeORM}},
    year={2022},
    url={https://typeorm.io/},
    note={Documentación oficial de TypeORM}
}
